@book{abnt6023,
	author = {ABNT},
	title = {NBR 6023},
	subtitle = {informa{\c{c}}{\~a}o e documenta{\c{c}}{\~a}o: refer{\^e}ncias: elabora{\c{c}}{\~a}o.},
	year = {2013},
    address = {Rio de janeiro}
}

@book{abnt6024,
	author = {ABNT},
	title = {NBR 6024},
	subtitle = {numera{\c{c}}{\~a}o progressiva das se{\c{c}}{\~o}es de um documento escrito: apresenta{\c{c}}{\~a}o  informa{\c{c}}{\~a}o e documenta{\c{c}}{\~a}o: refer{\^e}ncias: elabora{\c{c}}{\~a}o.},
	year = {2012},
    address = {Rio de janeiro}
}


@book{abnt14724,
	author = {ABNT},
	title = {NBR 14724},
	subtitle = {informa{\c{c}}{\~a}o e documenta{\c{c}}{\~a}o:trabalhos acad{\^e}micos:apresenta{\c{c}}{\~a}o},
	Year = {2012},
    address = {Rio de janeiro}
}

@book{SIBI,
	author = {{SISTEMA INTEGRADO DE BIBLIOTECAS DO IFC}},
	title = {Guia para elabora{\c{c}}{\~a}o de produ{\c{c}}{\~o}es acad{\^e}micas},
	publisher = {Instituto Federal Catarinense},
	year = {2021},
	volume = {3. ed.},
}

@comment aços
@manual{aco-espectrometria,
    organization = {Aço},
    title = {Espectrometria de Emissão Ótica},
    subtitle = {Análise Química do Aço},
    year = {2022},
    url = {https://aco.com.br/aco/espectrometria-de-emissao-otica-analise-quimica-do-aco},
    urlaccessdate = {24 sep. 2022}
}

@comment paineis elétricos maltus
@manual{maltus-quadro-painel,
    organization = {Maltus},
    title = {Caixa para montagem elétrica em aço carbono - Linha CSM},
    subtitle = {Cat\'alogo},
    year = {2022},
    url = {http://www.maltus.com.br/produtos.php?subcategoria=Caixa%20para%20Montagem%20El%C3%A9trica%20em%20A%C3%87O%20CARBONO%20-%20Linha%20CSM},
    urlaccessdate = {07 jul. 2022}
}

@comment canaletas para painel dutoplast
@manual{dutoplast-canaletas,
    organization = {Dutoplast},
    title = {Canaleta Extreme},
    subtitle = {Cat\'alogo},
    year = {2022},
    url = {http://www.dutoplast.com.br/portal/images/pdf/Catalogo/extreme%20-%20web.pdf},
    urlaccessdate = {07 jul. 2022}
}

@comment ficha técnica siemens
@manual{siemens-ficha-tec,
    organization = {Siemens},
    title = {Ficha técnica},
    subtitle = {Cat\'alogo},
    year = {2022},
    url = {https://assets.new.siemens.com/siemens/assets/api/uuid:9d161737-bbb2-49ad-b977-c20bb00d350e/fichas-tecnicas-jul19.pdf?ste_sid=7379d7e97b7d33c1443278c76b694332},
    urlaccessdate = {07 jul. 2022}
}

@comment tasco acessórios para painel
@manual{tasco-catalogo,
    organization = {Tasco},
    title = {Catálogo Geral},
    subtitle = {Cat\'alogo},
    year = {2022},
    url = {https://www.tascoltda.com.br/catalogo-geral-produtos-2019.pdf},
    urlaccessdate = {07 jul. 2022}
}

@comment chaves rotativas seccionadoras weg
@manual{weg-seccionadoras-compactas,
    organization = {WEG},
    title = {MSW - Chaves Seccionadoras Compactas},
    subtitle = {Cat\'alogo},
    year = {2022},
    url = {https://static.weg.net/medias/downloadcenter/h6f/hb1/WEG-chaves-seccionadoras-compactas-MSW-50036516-pt.pdf},
    urlaccessdate = {07 jul. 2022}
}

@comment bornes weg
@manual{weg-fusiveis,
    organization = {WEG},
    title = {Fusíveis Ar E Gl/Gg Tipo Nh Contato Faca E Flush End},
    subtitle = {Cat\'alogo},
    year = {2022},
    url = {https://static.weg.net/medias/downloadcenter/h0a/h63/WEG-fusiveis-ar-e-gl-gg-50009817-catalogo-portugues-br-dc.pdf},
    urlaccessdate = {07 jul. 2022}
}

@comment bornes weg
@manual{weg-bornes,
    organization = {WEG},
    title = {Bornes - Linha BTW},
    subtitle = {Cat\'alogo},
    year = {2022},
    url = {https://static.weg.net/medias/downloadcenter/hdd/he3/WEG-bornes-linha-btw-50022910-catalogo-portugues-br-dc.pdf},
    urlaccessdate = {07 jul. 2022}
}

@comment controladores para cfp
@manual{weg-controlador-cfp,
    organization = {WEG},
    title = {Multimedidor De Grandezas Elétricas E Controlador Automático Do Fator De Potência},
    subtitle = {Cat\'alogo},
    year = {2022},
    url = {https://static.weg.net/medias/downloadcenter/hf4/h45/WEG-multimedidor-MMW03-e-controlador-PFW03-50084748-pt.pdf},
    urlaccessdate = {07 jul. 2022}
}

@comment capcitores para cfp
@manual{weg-capacitores,
    organization = {WEG},
    title = {Correção Do Fator De Potência},
    subtitle = {Cat\'alogo},
    year = {2022},
    url = {https://static.weg.net/medias/downloadcenter/hda/ha0/WEG-capacitores-para-correcao-do-fator-de-potencia-50009818-pt.pdf},
    urlaccessdate = {07 jul. 2022}
}

@comment contatores para capcitores
@manual{weg-contatores-cfp-cwbc,
    organization = {WEG},
    title = {CWBC - Contatores Para Manobra De Capacitores},
    subtitle = {Cat\'alogo},
    year = {2022},
    url = {https://static.weg.net/medias/downloadcenter/hb6/h55/WEG-CWBC-50100807-pt.pdf},
    urlaccessdate = {07 jul. 2022}
}

@misc{celesc-tarifacao,
    organization={Celesc},
    title={Tarifas e taxas de energia},
    url={https://www.celesc.com.br/tarifas-de-energia},
    urlaccessdate={13 jun 2022},
    year={2022}
}

@comment real perfil eletrocalhas
@manual{realperfil-eletrocalhas,
    organization = {Real Perfil},
    title = {Catálogo de produtos},
    subtitle = {Cat\'alogo},
    year = {2022},
    month = {Janeiro},
    url = {http://www.realperfil.com.br/catalogos/eletrocalhas-e-acessorios.pdf},
    urlaccessdate = {18 mai. 2022}
}

@comment rcm condutores
@manual{rcm-condutores,
    organization = {RCM cabos elétricos},
    title = {Catálogo de produtos},
    subtitle = {Cat\'alogo},
    year = {2022},
    month = {Janeiro},
    url = {https://www.rcmcaboseletricos.com.br/wp-content/uploads/2019/12/CATALOGO-ATUALIZADO-RCM.pdf},
    urlaccessdate = {18 mai. 2022}
}

@comment weg disjuntores DW
@manual{web-dw,
    organization = {WEG},
    title = {Disjuntores em Caixa Moldada DW},
    subtitle = {Cat\'alogo},
    year = {2022},
    month = {Maio},
    url = {https://static2.weg.net/medias/downloadcenter/h83/hd0/WEG-disjuntores-em-caixa-moldada-dw-50009825-catalogo-pt.pdf},
    urlaccessdate = {18 mai. 2022}
}

@comment material resistivity
@online{resistivity,
    title = {Resistivity and Temperature Coefficient at 20C},
    author = {Georgia State University},
    year = {1999},
    url = {http://hyperphysics.phy-astr.gsu.edu/hbase/Tables/rstiv.html},
    urlaccessdate = {18 mai. 2022}
}

@comment nbr 5410
@standard{nbr5410,
    organization = {Associa{\c c}{\~a}o Brasileira de Normas T{\'e}cnicas},
    title = {{ABNT} {NBR} 5410:2004},
    subtitle = {Instala{\c c}{\~o}es el{\'e}tricas de baixa tens{\~a}o. Vers{\~a}o Corrigida:2008},
    year = {2008},
    address = {Rio de Janeiro},
    url = {https://www.abntcatalogo.com.br/norma.aspx?Q=bWl2M29BSEtyWldhSHBCVW04WkVBeEZMRmRkV25CczFNUk45QS9aeVZudz0%3d},
    urlaccessdate = {18 mai. 2022}
}

@comment rede de petri
@comment http://www.scholarpedia.org/article/Petri_net
@online{scholarpedia2011,
    title = {Petri Net},
    author = {Izhikevich, Eugene M.},
    year = {2011},
    url = {http://www.scholarpedia.org/article/Petri_net},
}


@comment petrilab paper
@phdthesis{de2015petrilab,
    title = {PETRILAB: UMA PLATAFORMA PARA SIMULA{\c{C}}{\~A}O E GERA{\c{C}}{\~A
             }O DE DIAGRAMAS LADDER DE CONTROLADORES A EVENTOS DISCRETOS
             MODELADOS POR REDES DE PETRI},
    author = {de Souza, Anderson Linhares},
    year = {2015},
    school = {Departamento de Engenharia El{\'e}trica da Escola Polit{\'e}cnica,
              Universidade~…},
}

@comment citado pelo petrilab
@article{6621049,
    author = {Moreira, Marcos Vicente and Basilio, João Carlos},
    journal = {IEEE Transactions on Automation Science and Engineering},
    title = {Bridging the Gap Between Design and Implementation of
             Discrete-Event Controllers},
    year = {2014},
    volume = {11},
    number = {1},
    pages = {48-65},
    doi = {10.1109/TASE.2013.2281733},
}

@comment meta estudo sobre pesquisas de aplicação de redes de petri para solução de alguns problemas 
@inproceedings{kaid2015applications,
    title = {Applications of Petri nets based models in manufacturing systems: A
             review},
    author = {Kaid, Husam and El-Tamimi, Abdulaziz M and Nasr, Emad Abouel and
              Al-Ahmari, Abdulrahman},
    booktitle = {Proceedings of the International Conference on Operations
                 Excellence \& Service Engineering, Orlando, FL},
    pages = {516--28},
    year = {2015},
}

@comment redes de petri duais (aninhamento de redes de petri)
@comment https://en.wikipedia.org/wiki/Dualistic_Petri_nets
@inproceedings{973505,
    author = {Dawis, E.P. and Dawis, J.F. and Wei Pin Koo},
    booktitle = {2001 IEEE International Conference on Systems, Man and
                 Cybernetics. e-Systems and e-Man for Cybernetics in Cyberspace (
                 Cat.No.01CH37236)},
    title = {Architecture of computer-based systems using dualistic Petri nets},
    year = {2001},
    volume = {3},
    number = {},
    pages = {1554-1558 vol.3},
    doi = {10.1109/ICSMC.2001.973505},
}

@comment redes de petri hierárquicas
@inproceedings{inproceedings,
    author = {Zhao, Xinlei and Choi, Yongsun},
    year = {2004},
    month = {01},
    pages = {117-121},
    title = {Hierarchical Structuring of a Workflow Model in Petri-Net.},
}

@comment análise de uma metodologia de prevenção de deadlock, com análise de alcançabilidade
@article{more2017analysis,
    title = {Analysis of flexible manufacturing system using Petri nets to
             design a deadlock avoidance policy},
    author = {More, MS and Bhatwadekar, SG and Ambekar, Murali M},
    journal = {Int J Eng},
    volume = {10},
    year = {2017},
}

@comment padrão visual e de animação para redes de petri
@article{article,
    author = {Bardohl, Roswitha and Ermel, Claudia},
    year = {2000},
    month = {12},
    pages = {},
    title = {Towards Visual Specification and Animation of Petri Net Based
             Models},
}

@comment ISO/IEC 15909
@online{iec2019,
    title = {Systems and software engineering — High-level Petri nets},
    author = {ISO},
    year = {2022},
    url = {https://www.iso.org/standard/67235.html},
}

@comment sistemas críticos a tempo
@article{ghezzi1991unified,
    title = {A unified high-level Petri net formalism for time-critical systems},
    author = {Ghezzi, Carlo and Mandrioli, Dino and Morasca, Sandro and Pezze,
              Mauro},
    journal = {IEEE Transactions on software engineering},
    volume = {17},
    number = {2},
    pages = {160},
    year = {1991},
    publisher = {IEEE Computer Society},
}

@comment sistemas críticos 
@article{1702225,
    author = {Leveson, N.G. and Stolzy, J.L.},
    journal = {IEEE Transactions on Software Engineering},
    title = {Safety Analysis Using Petri Nets},
    year = {1987},
    volume = {SE-13},
    number = {3},
    pages = {386-397},
    doi = {10.1109/TSE.1987.233170},
}

@comment ################################### Software ###################################

@comment TINA
@online{tina2022,
    title = {Tina},
    author = {LAAS, CNRS},
    year = {2022},
    url = {https://projects.laas.fr/tina/home.php},
}